%% This BibTeX bibliography file was created using BibDesk.
%% http://bibdesk.sourceforge.net/


%% Created for Spencer Smith at 2019-12-06 16:46:03 -0500 


%% Saved with string encoding Unicode (UTF-8) 



@inproceedings{Parnas1978,
	Address = {Piscataway, NJ, USA},
	Author = {David L. Parnas},
	Booktitle = {ICSE '78: Proceedings of the 3rd international conference on Software engineering},
	Date-Added = {2019-12-06 16:45:53 -0500},
	Date-Modified = {2019-12-06 16:45:53 -0500},
	Isbn = {none},
	Location = {Atlanta, Georgia, United States},
	Pages = {264--277},
	Publisher = {IEEE Press},
	Title = {Designing Software for Ease of Extension and Contraction},
	Year = {1978},
	Bdsk-File-1 = {YnBsaXN0MDDSAQIDBFxyZWxhdGl2ZVBhdGhZYWxpYXNEYXRhXxAbLi4vLi4vLi4vcHViL1Bhcm5hczE5NzgucGRmTxEBRAAAAAABRAACAAAMTWFjaW50b3NoIEhEAAAAAAAAAAAAAAAAAAAAAAAAAEJEAAH/////DlBhcm5hczE5NzgucGRmAAAAAAAAAAAAAAAAAAAAAAAAAAAAAAAAAAAAAAAAAAAAAAAAAAAAAAAAAAAAAAAAAP////8AAAAAAAAAAAAAAAAAAwACAAAKIGN1AAAAAAAAAAAAAAAAAANwdWIAAAIAJy86VXNlcnM6c21pdGhzOlJlcG9zOnB1YjpQYXJuYXMxOTc4LnBkZgAADgAeAA4AUABhAHIAbgBhAHMAMQA5ADcAOAAuAHAAZABmAA8AGgAMAE0AYQBjAGkAbgB0AG8AcwBoACAASABEABIAJVVzZXJzL3NtaXRocy9SZXBvcy9wdWIvUGFybmFzMTk3OC5wZGYAABMAAS8AABUAAgAN//8AAAAIAA0AGgAkAEIAAAAAAAACAQAAAAAAAAAFAAAAAAAAAAAAAAAAAAABig==}}

@inproceedings{ParnasEtAl1984,
	Author = {D.L. Parnas and P.C. Clement and D. M. Weiss},
	Booktitle = {International Conference on Software Engineering},
	Date-Added = {2019-12-06 16:45:50 -0500},
	Date-Modified = {2019-12-06 16:45:50 -0500},
	Pages = {408-419},
	Title = {The modular structure of complex systems},
	Year = {1984},
	Bdsk-File-1 = {YnBsaXN0MDDSAQIDBFxyZWxhdGl2ZVBhdGhZYWxpYXNEYXRhXxAfLi4vLi4vLi4vcHViL1Bhcm5hc0V0QWwxOTg0LnBkZk8RAVQAAAAAAVQAAgAADE1hY2ludG9zaCBIRAAAAAAAAAAAAAAAAAAAAAAAAABCRAAB/////xJQYXJuYXNFdEFsMTk4NC5wZGYAAAAAAAAAAAAAAAAAAAAAAAAAAAAAAAAAAAAAAAAAAAAAAAAAAAAAAAAAAAD/////AAAAAAAAAAAAAAAAAAMAAgAACiBjdQAAAAAAAAAAAAAAAAADcHViAAACACsvOlVzZXJzOnNtaXRoczpSZXBvczpwdWI6UGFybmFzRXRBbDE5ODQucGRmAAAOACYAEgBQAGEAcgBuAGEAcwBFAHQAQQBsADEAOQA4ADQALgBwAGQAZgAPABoADABNAGEAYwBpAG4AdABvAHMAaAAgAEgARAASAClVc2Vycy9zbWl0aHMvUmVwb3MvcHViL1Bhcm5hc0V0QWwxOTg0LnBkZgAAEwABLwAAFQACAA3//wAAAAgADQAaACQARgAAAAAAAAIBAAAAAAAAAAUAAAAAAAAAAAAAAAAAAAGe}}

@article{Parnas1972a,
	Author = {David L. Parnas},
	Date-Added = {2019-12-06 16:45:41 -0500},
	Date-Modified = {2019-12-06 16:45:41 -0500},
	Journal = {Comm. ACM},
	Month = dec,
	Number = {2},
	Pages = {1053--1058},
	Title = {On the Criteria To Be Used in Decomposing Systems into Modules},
	Volume = {15},
	Year = {1972},
	Bdsk-File-1 = {YnBsaXN0MDDSAQIDBFxyZWxhdGl2ZVBhdGhZYWxpYXNEYXRhXxAzLi4vLi4vLi4vLi4vV29yay9SZXNlYXJjaC9SZWZlcmVuY2VzL1Bhcm5hczE5NzIucGRmTxEBZgAAAAABZgACAAAMTWFjaW50b3NoIEhEAAAAAAAAAAAAAAAAAAAAAAAAAEJEAAH/////DlBhcm5hczE5NzIucGRmAAAAAAAAAAAAAAAAAAAAAAAAAAAAAAAAAAAAAAAAAAAAAAAAAAAAAAAAAAAAAAAAAP////8AAAAAAAAAAAAAAAAABAAEAAAKIGN1AAAAAAAAAAAAAAAAAApSZWZlcmVuY2VzAAIANi86VXNlcnM6c21pdGhzOldvcms6UmVzZWFyY2g6UmVmZXJlbmNlczpQYXJuYXMxOTcyLnBkZgAOAB4ADgBQAGEAcgBuAGEAcwAxADkANwAyAC4AcABkAGYADwAaAAwATQBhAGMAaQBuAHQAbwBzAGgAIABIAEQAEgA0VXNlcnMvc21pdGhzL1dvcmsvUmVzZWFyY2gvUmVmZXJlbmNlcy9QYXJuYXMxOTcyLnBkZgATAAEvAAAVAAIADf//AAAACAANABoAJABaAAAAAAAAAgEAAAAAAAAABQAAAAAAAAAAAAAAAAAAAcQ=}}

@misc{SRS,
	Author = {Author Author},
	Date-Added = {2019-12-06 16:45:06 -0500},
	Date-Modified = {2019-12-06 16:45:26 -0500},
	Howpublished = {\url{https://github.com/...}},
	Title = {System Requirements Specification},
	Year = {2019},
	Bdsk-Url-1 = {https://github.com/smiths/GeomRecon/blob/master/docs/SRS/SRS.pdf}}

@book{GhezziEtAl2003,
	Address = {Upper Saddle River, NJ, USA},
	Author = {Carlo Ghezzi and Mehdi Jazayeri and Dino Mandrioli},
	Date-Added = {2017-11-10 11:27:31 +0000},
	Date-Modified = {2017-11-10 11:27:31 +0000},
	Edition = {2nd},
	Keywords = {software engineering},
	Publisher = {Prentice Hall},
	Title = {Fundamentals of Software Engineering},
	Year = {2003}}

@book{HoffmanAndStrooper1995,
	Address = {New York, NY, USA},
	Author = {Daniel M. Hoffman and Paul A. Strooper},
	Date-Added = {2017-11-10 11:27:24 +0000},
	Date-Modified = {2017-11-10 11:27:24 +0000},
	Local-Url = {file://localhost/Users/smiths/LongTermArchives/Work/Research/References/SoftwareEngineering/software-design-automated-testing.pdf},
	Publisher = {International Thomson Computer Press},
	Title = {Software Design, Automated Testing, and Maintenance: A Practical Approach},
	Url = {http:// citeseer.ist.psu.edu/428727.html},
	Year = {1995},
	Bdsk-File-1 = {YnBsaXN0MDDSAQIDBFxyZWxhdGl2ZVBhdGhZYWxpYXNEYXRhXxA8Li4vLi4vLi4vc2UzeGEzL1JlZmVyZW5jZU1hdGVyaWFsL0hvZmZtYW5BbmRTdHJvb3BlcjE5OTUucGRmTxEBqgAAAAABqgACAAAMTWFjaW50b3NoIEhEAAAAAAAAAAAAAAAAAAAAAAAAAEJEAAH/////GkhvZmZtYW5BbmRTdHJvb3BlcjE5OTUucGRmAAAAAAAAAAAAAAAAAAAAAAAAAAAAAAAAAAAAAAAAAAAAAAAAAP////8AAAAAAAAAAAAAAAAAAwADAAAKIGN1AAAAAAAAAAAAAAAAABFSZWZlcmVuY2VNYXRlcmlhbAAAAgBILzpVc2VyczpzbWl0aHM6UmVwb3M6c2UzeGEzOlJlZmVyZW5jZU1hdGVyaWFsOkhvZmZtYW5BbmRTdHJvb3BlcjE5OTUucGRmAA4ANgAaAEgAbwBmAGYAbQBhAG4AQQBuAGQAUwB0AHIAbwBvAHAAZQByADEAOQA5ADUALgBwAGQAZgAPABoADABNAGEAYwBpAG4AdABvAHMAaAAgAEgARAASAEZVc2Vycy9zbWl0aHMvUmVwb3Mvc2UzeGEzL1JlZmVyZW5jZU1hdGVyaWFsL0hvZmZtYW5BbmRTdHJvb3BlcjE5OTUucGRmABMAAS8AABUAAgAN//8AAAAIAA0AGgAkAGMAAAAAAAACAQAAAAAAAAAFAAAAAAAAAAAAAAAAAAACEQ==},
	Bdsk-Url-1 = {http://%20citeseer.ist.psu.edu/428727.html}}

@techreport{SmithMcCutchanAndCarette2017,
	Author = {W. Spencer Smith and John McCutchan and Jacques Carette},
	Date-Added = {2017-09-14 19:16:56 +0000},
	Date-Modified = {2017-09-14 19:16:56 +0000},
	Institution = {McMaster University, Department of Computing and Software},
	Number = {CAS-17-01-SS},
	Title = {Commonality Analysis for a Family of Material Models},
	Type = {Technical Report},
	Year = {2017},
	Bdsk-File-1 = {YnBsaXN0MDDSAQIDBFxyZWxhdGl2ZVBhdGhZYWxpYXNEYXRhXxBOLi4vLi4vLi4vT0xEX1NWTi9tbXNjT0xEX1NWTi9GYW1pbHlPZk1hdGVyaWFsTW9kZWxzL0ZhbWlseU9mTWF0ZXJpYWxNb2RlbHMucGRmTxEB0gAAAAAB0gACAAAMTWFjaW50b3NoIEhEAAAAAAAAAAAAAAAAAAAAAAAAAEJEAAH/////GkZhbWlseU9mTWF0ZXJpYWxNb2RlbHMucGRmAAAAAAAAAAAAAAAAAAAAAAAAAAAAAAAAAAAAAAAAAAAAAAAAAP////8AAAAAAAAAAAAAAAAAAwAEAAAKIGN1AAAAAAAAAAAAAAAAABZGYW1pbHlPZk1hdGVyaWFsTW9kZWxzAAIAWi86VXNlcnM6c21pdGhzOlJlcG9zOk9MRF9TVk46bW1zY09MRF9TVk46RmFtaWx5T2ZNYXRlcmlhbE1vZGVsczpGYW1pbHlPZk1hdGVyaWFsTW9kZWxzLnBkZgAOADYAGgBGAGEAbQBpAGwAeQBPAGYATQBhAHQAZQByAGkAYQBsAE0AbwBkAGUAbABzAC4AcABkAGYADwAaAAwATQBhAGMAaQBuAHQAbwBzAGgAIABIAEQAEgBYVXNlcnMvc21pdGhzL1JlcG9zL09MRF9TVk4vbW1zY09MRF9TVk4vRmFtaWx5T2ZNYXRlcmlhbE1vZGVscy9GYW1pbHlPZk1hdGVyaWFsTW9kZWxzLnBkZgATAAEvAAAVAAIADf//AAAACAANABoAJAB1AAAAAAAAAgEAAAAAAAAABQAAAAAAAAAAAAAAAAAAAks=}}

@inproceedings{SmithEtAl2008,
	Address = {Leipzig, Germany},
	Author = {W. Spencer Smith and John McCutchan and Jacques Carette},
	Booktitle = {Proceedings of the First International Workshop on Software Engineering for Computational Science and Engineering (SECSE 2008)},
	Date-Added = {2017-09-14 19:15:18 +0000},
	Date-Modified = {2017-09-14 19:15:18 +0000},
	Month = {May},
	Note = {8 pp},
	Organization = {In conjunction with the 30th International Conference on Software Engineering (ICSE)},
	Title = {Commonality Analysis of Families of Physical Models for use in Scientific Computing},
	Url = {http://www.cse.msstate.edu/~SECSE08/schedule.htm},
	Year = {2008},
	Bdsk-File-1 = {YnBsaXN0MDDSAQIDBFxyZWxhdGl2ZVBhdGhZYWxpYXNEYXRhXxA+Li4vLi4vLi4vT0xEX1NWTi9tbXNjT0xEX1NWTi9TRUNTRTA4L1NtaXRoRXRBbF9Bc1N1Ym1pdHRlZC5wZGZPEQGiAAAAAAGiAAIAAAxNYWNpbnRvc2ggSEQAAAAAAAAAAAAAAAAAAAAAAAAAQkQAAf////8ZU21pdGhFdEFsX0FzU3VibWl0dGVkLnBkZgAAAAAAAAAAAAAAAAAAAAAAAAAAAAAAAAAAAAAAAAAAAAAAAAAA/////wAAAAAAAAAAAAAAAAADAAQAAAogY3UAAAAAAAAAAAAAAAAAB1NFQ1NFMDgAAAIASi86VXNlcnM6c21pdGhzOlJlcG9zOk9MRF9TVk46bW1zY09MRF9TVk46U0VDU0UwODpTbWl0aEV0QWxfQXNTdWJtaXR0ZWQucGRmAA4ANAAZAFMAbQBpAHQAaABFAHQAQQBsAF8AQQBzAFMAdQBiAG0AaQB0AHQAZQBkAC4AcABkAGYADwAaAAwATQBhAGMAaQBuAHQAbwBzAGgAIABIAEQAEgBIVXNlcnMvc21pdGhzL1JlcG9zL09MRF9TVk4vbW1zY09MRF9TVk4vU0VDU0UwOC9TbWl0aEV0QWxfQXNTdWJtaXR0ZWQucGRmABMAAS8AABUAAgAN//8AAAAIAA0AGgAkAGUAAAAAAAACAQAAAAAAAAAFAAAAAAAAAAAAAAAAAAACCw==},
	Bdsk-Url-1 = {http://www.cse.msstate.edu/~SECSE08/schedule.htm}}

@inproceedings{Smith2006,
	Address = {Minneapolis / St.\ Paul, Minnesota},
	Author = {W. Spencer Smith},
	Booktitle = {Proceedings of the 14th IEEE International Requirements Engineering Conference, RE 2006},
	Date-Added = {2017-09-14 19:15:09 +0000},
	Date-Modified = {2017-09-14 19:15:09 +0000},
	Local-Url = {/Users/smiths/Work/Research/Papers/RE_2006/Smith2006_VersionAsPublished.pdf},
	Pages = {209--218},
	Title = {Systematic Development of Requirements Documentation for General Purpose Scientific Computing Software},
	Url = {http://www.ifi.unizh.ch/req/events/RE06/},
	Year = {2006},
	Bdsk-File-1 = {YnBsaXN0MDDSAQIDBFxyZWxhdGl2ZVBhdGhZYWxpYXNEYXRhXxBJLi4vLi4vLi4vLi4vV29yay9SZXNlYXJjaC9QYXBlcnMvUkVfMjAwNi9TbWl0aDIwMDZfVmVyc2lvbkFzUHVibGlzaGVkLnBkZk8RAbQAAAAAAbQAAgAADE1hY2ludG9zaCBIRAAAAAAAAAAAAAAAAAAAAAAAAABCRAAB/////x9TbWl0aDIwMDZfVmVyc2lvbkEjRkZGRkZGRkYucGRmAAAAAAAAAAAAAAAAAAAAAAAAAAAAAAAAAAAAAAAAAAD/////AAAAAFBERiBDQVJPAAQABQAACiBjdQAAAAAAAAAAAAAAAAAHUkVfMjAwNgAAAgBMLzpVc2VyczpzbWl0aHM6V29yazpSZXNlYXJjaDpQYXBlcnM6UkVfMjAwNjpTbWl0aDIwMDZfVmVyc2lvbkFzUHVibGlzaGVkLnBkZgAOAEIAIABTAG0AaQB0AGgAMgAwADAANgBfAFYAZQByAHMAaQBvAG4AQQBzAFAAdQBiAGwAaQBzAGgAZQBkAC4AcABkAGYADwAaAAwATQBhAGMAaQBuAHQAbwBzAGgAIABIAEQAEgBKVXNlcnMvc21pdGhzL1dvcmsvUmVzZWFyY2gvUGFwZXJzL1JFXzIwMDYvU21pdGgyMDA2X1ZlcnNpb25Bc1B1Ymxpc2hlZC5wZGYAEwABLwAAFQACAA3//wAAAAgADQAaACQAcAAAAAAAAAIBAAAAAAAAAAUAAAAAAAAAAAAAAAAAAAIo},
	Bdsk-Url-1 = {http://www.ifi.unizh.ch/req/events/RE06/}}

@article{SmithEtAl2007,
	Author = {W. Spencer Smith and Lei Lai and Ridha Khedri},
	Date-Added = {2017-09-14 15:47:22 +0000},
	Date-Modified = {2017-09-14 15:47:22 +0000},
	Journal = {Reliable Computing, Special Issue on Reliable Engineering Computation},
	Local-Url = {/Users/smiths/Work/Research/Papers/ReliableComputing/SmithLaiAndKhedri2007fulltext.pdf},
	Month = {February},
	Number = {1},
	Pages = {83--107},
	Title = {Requirements Analysis for Engineering Computation: A Systematic Approach for Improving Software Reliability},
	Volume = {13},
	Year = {2007},
	Bdsk-File-1 = {YnBsaXN0MDDSAQIDBFxyZWxhdGl2ZVBhdGhZYWxpYXNEYXRhXxBILi4vLi4vLi4vc2U0c2MvU2NpQ29tcEFuZFNvZnRFbmdQYXBlcnMvU21pdGhMYWlBbmRLaGVkcmkyMDA3ZnVsbHRleHQucGRmTxECFAAAAAACFAACAAAMTWFjaW50b3NoIEhEAAAAAAAAAAAAAAAAAAAAzpdzg0grAAAJMf0NH1NtaXRoTGFpQW5kS2hlZHJpMjAjOTMxRkQ2MC5wZGYAAAAAAAAAAAAAAAAAAAAAAAAAAAAAAAAAAAAAAAAAAAkx/WDTbwTTAAAAAAAAAAAAAwADAAAJIAAAAAAAAAAAAAAAAAAAABdTY2lDb21wQW5kU29mdEVuZ1BhcGVycwAAEAAIAADOl6vDAAAAEQAIAADTbz0TAAAAAQAUCTH9DQkx7scAEhWnAAj3ZgACZI4AAgBiTWFjaW50b3NoIEhEOlVzZXJzOgBzbWl0aHM6AFJlcG9zOgBzZTRzYzoAU2NpQ29tcEFuZFNvZnRFbmdQYXBlcnM6AFNtaXRoTGFpQW5kS2hlZHJpMjAjOTMxRkQ2MC5wZGYADgBEACEAUwBtAGkAdABoAEwAYQBpAEEAbgBkAEsAaABlAGQAcgBpADIAMAAwADcAZgB1AGwAbAB0AGUAeAB0AC4AcABkAGYADwAaAAwATQBhAGMAaQBuAHQAbwBzAGgAIABIAEQAEgBSVXNlcnMvc21pdGhzL1JlcG9zL3NlNHNjL1NjaUNvbXBBbmRTb2Z0RW5nUGFwZXJzL1NtaXRoTGFpQW5kS2hlZHJpMjAwN2Z1bGx0ZXh0LnBkZgATAAEvAAAVAAIADf//AAAACAANABoAJABvAAAAAAAAAgEAAAAAAAAABQAAAAAAAAAAAAAAAAAAAoc=},
	Bdsk-File-2 = {YnBsaXN0MDDSAQIDBFxyZWxhdGl2ZVBhdGhZYWxpYXNEYXRhXxBULi4vLi4vLi4vLi4vV29yay9SZXNlYXJjaC9QYXBlcnMvUmVsaWFibGVDb21wdXRpbmcvU21pdGhMYWlBbmRLaGVkcmkyMDA3ZnVsbHRleHQucGRmTxEB2AAAAAAB2AACAAAMTWFjaW50b3NoIEhEAAAAAAAAAAAAAAAAAAAAAAAAAEJEAAH/////H1NtaXRoTGFpQW5kS2hlZHJpMiNGRkZGRkZGRi5wZGYAAAAAAAAAAAAAAAAAAAAAAAAAAAAAAAAAAAAAAAAAAP////8AAAAAUERGIENBUk8ABAAFAAAKIGN1AAAAAAAAAAAAAAAAABFSZWxpYWJsZUNvbXB1dGluZwAAAgBXLzpVc2VyczpzbWl0aHM6V29yazpSZXNlYXJjaDpQYXBlcnM6UmVsaWFibGVDb21wdXRpbmc6U21pdGhMYWlBbmRLaGVkcmkyMDA3ZnVsbHRleHQucGRmAAAOAEQAIQBTAG0AaQB0AGgATABhAGkAQQBuAGQASwBoAGUAZAByAGkAMgAwADAANwBmAHUAbABsAHQAZQB4AHQALgBwAGQAZgAPABoADABNAGEAYwBpAG4AdABvAHMAaAAgAEgARAASAFVVc2Vycy9zbWl0aHMvV29yay9SZXNlYXJjaC9QYXBlcnMvUmVsaWFibGVDb21wdXRpbmcvU21pdGhMYWlBbmRLaGVkcmkyMDA3ZnVsbHRleHQucGRmAAATAAEvAAAVAAIADf//AAAACAANABoAJAB7AAAAAAAAAgEAAAAAAAAABQAAAAAAAAAAAAAAAAAAAlc=}}

@inproceedings{SmithAndLai2005,
	Address = {Paris, France},
	Author = {W. Spencer Smith and Lei Lai},
	Booktitle = {Proceedings of the First International Workshop on Situational Requirements Engineering Processes -- Methods, Techniques and Tools to Support Situation-Specific Requirements Engineering Processes, SREP'05},
	Date-Added = {2017-09-14 15:47:18 +0000},
	Date-Modified = {2017-09-14 15:47:18 +0000},
	Editor = {J. Ralyt\'{e} and P. \.{A}gerfalk and N. Kraiem},
	Local-Url = {file://localhost/Users/smiths/Work/Research/Papers/SREP05/SREP05_ReformatAndRevise/SmithAndLai_2005.pdf},
	Organization = {In conjunction with 13th IEEE International Requirements Engineering Conference},
	Pages = {107--121},
	Title = {A New Requirements Template for Scientific Computing},
	Year = {2005},
	Bdsk-File-1 = {YnBsaXN0MDDSAQIDBFxyZWxhdGl2ZVBhdGhZYWxpYXNEYXRhXxBVLi4vLi4vLi4vLi4vV29yay9SZXNlYXJjaC9QYXBlcnMvU1JFUDA1L1NSRVAwNV9SZWZvcm1hdEFuZFJldmlzZS9TbWl0aEFuZExhaV8yMDA1LnBkZk8RAcQAAAAAAcQAAgAADE1hY2ludG9zaCBIRAAAAAAAAAAAAAAAAAAAAAAAAABCRAAB/////xRTbWl0aEFuZExhaV8yMDA1LnBkZgAAAAAAAAAAAAAAAAAAAAAAAAAAAAAAAAAAAAAAAAAAAAAAAAAAAAAAAAD/////AAAAAAAAAAAAAAAAAAQABgAACiBjdQAAAAAAAAAAAAAAAAAYU1JFUDA1X1JlZm9ybWF0QW5kUmV2aXNlAAIAWC86VXNlcnM6c21pdGhzOldvcms6UmVzZWFyY2g6UGFwZXJzOlNSRVAwNTpTUkVQMDVfUmVmb3JtYXRBbmRSZXZpc2U6U21pdGhBbmRMYWlfMjAwNS5wZGYADgAqABQAUwBtAGkAdABoAEEAbgBkAEwAYQBpAF8AMgAwADAANQAuAHAAZABmAA8AGgAMAE0AYQBjAGkAbgB0AG8AcwBoACAASABEABIAVlVzZXJzL3NtaXRocy9Xb3JrL1Jlc2VhcmNoL1BhcGVycy9TUkVQMDUvU1JFUDA1X1JlZm9ybWF0QW5kUmV2aXNlL1NtaXRoQW5kTGFpXzIwMDUucGRmABMAAS8AABUAAgAN//8AAAAIAA0AGgAkAHwAAAAAAAACAQAAAAAAAAAFAAAAAAAAAAAAAAAAAAACRA==}}

@book{RobertsonAndRobertson2012,
	Author = {James Robertson and Suzanne Robertson},
	Date-Added = {2016-09-22 13:54:40 +0000},
	Date-Modified = {2016-09-22 14:01:42 +0000},
	Edition = {16},
	Publisher = {Atlantic Systems Guild Limited},
	Title = {Volere Requirements Specification Template},
	Year = {2012}}

@article{ParnasAndClements1986,
	Author = {David L. Parnas and P.C. Clements},
	Date-Added = {2016-09-10 13:11:57 +0000},
	Date-Modified = {2016-09-10 13:11:57 +0000},
	Journal = {IEEE Transactions on Software Engineering},
	Number = {2},
	Pages = {251--257},
	Title = {A Rational Design Process: How and Why to Fake it},
	Volume = {12},
	Year = {February 1986},
	Bdsk-File-1 = {YnBsaXN0MDDSAQIDBFxyZWxhdGl2ZVBhdGhZYWxpYXNEYXRhXxBALi4vLi4vLi4vc2U0c2MvU2NpQ29tcEFuZFNvZnRFbmdQYXBlcnMvUGFybmFzQW5kQ2xlbWVudHMxOTg2LnBkZk8RAfYAAAAAAfYAAgAADE1hY2ludG9zaCBIRAAAAAAAAAAAAAAAAAAAAM6Xc4NIKwAACTH9DRlQYXJuYXNBbmRDbGVtZW50czE5ODYucGRmAAAAAAAAAAAAAAAAAAAAAAAAAAAAAAAAAAAAAAAAAAAAAAAAAAAJMf1D028E0wAAAAAAAAAAAAMAAwAACSAAAAAAAAAAAAAAAAAAAAAXU2NpQ29tcEFuZFNvZnRFbmdQYXBlcnMAABAACAAAzperwwAAABEACAAA0289EwAAAAEAFAkx/Q0JMe7HABIVpwAI92YAAmSOAAIAXE1hY2ludG9zaCBIRDpVc2VyczoAc21pdGhzOgBSZXBvczoAc2U0c2M6AFNjaUNvbXBBbmRTb2Z0RW5nUGFwZXJzOgBQYXJuYXNBbmRDbGVtZW50czE5ODYucGRmAA4ANAAZAFAAYQByAG4AYQBzAEEAbgBkAEMAbABlAG0AZQBuAHQAcwAxADkAOAA2AC4AcABkAGYADwAaAAwATQBhAGMAaQBuAHQAbwBzAGgAIABIAEQAEgBKVXNlcnMvc21pdGhzL1JlcG9zL3NlNHNjL1NjaUNvbXBBbmRTb2Z0RW5nUGFwZXJzL1Bhcm5hc0FuZENsZW1lbnRzMTk4Ni5wZGYAEwABLwAAFQACAA3//wAAAAgADQAaACQAZwAAAAAAAAIBAAAAAAAAAAUAAAAAAAAAAAAAAAAAAAJh}}

@online{CanadianInstall,
  author = {CRTC},
  title = {Canada’s Anti-Spam Legislation Requirements for Installing Computer Programs},
  year = 2020,
  url = {https://crtc.gc.ca/eng/internet/install.htm},
  urldate = {2020-09-18}
}

@online{CanadianCode,
  author = {{Government of Canada}},
  title = {Guide for Publishing Open Source Code},
  year = 2020,
  url = {https://www.canada.ca/en/government/system/digital-government/digital-government-innovations/open-source-software/guide-for-publishing-open-source-code.html},
  urldate = {2020-07-28}
  }

@online{JavaStyle,
  author = {Google},
  title = {Google Java Style Guide},
  url = {https://google.github.io/styleguide/javaguide.html},
}

@online{HTMLCSSStyle,
  author = {Google},
  title = {Google HTML/CSS Style Guide},
  url = {https://google.github.io/styleguide/htmlcssguide.html},
}